<collection xmlns="http://www.loc.gov/MARC21/slim"><record><leader>00889nam  2200289   450</leader><controlfield tag="001">48</controlfield><controlfield tag="003">http://montalegre.opacnet.com/OPAC/default.aspx?ContentAreaControl=ShowRegHoldings.ascx&amp;RegNo=16662</controlfield><datafield tag="010" ind1=" " ind2=" "><subfield code="a">972-1-02873-8</subfield></datafield><datafield tag="021" ind1=" " ind2=" "><subfield code="a">PT</subfield><subfield code="b">30177/89</subfield></datafield><datafield tag="095" ind1=" " ind2=" "><subfield code="a">PTBN00225986</subfield></datafield><datafield tag="100" ind1=" " ind2=" "><subfield code="a">20070514d1989    m  y0pory010305  ba</subfield></datafield><datafield tag="101" ind1="1" ind2=" "><subfield code="a">por</subfield><subfield code="c">eng</subfield></datafield><datafield tag="102" ind1=" " ind2=" "><subfield code="a">PT</subfield></datafield><datafield tag="105" ind1=" " ind2=" "><subfield code="a">y   z   000ay</subfield></datafield><datafield tag="106" ind1=" " ind2=" "><subfield code="a">r</subfield></datafield><datafield tag="200" ind1="1" ind2=" "><subfield code="a">Biplano</subfield><subfield code="f">Richard Bach</subfield><subfield code="g">pref. Ray Bradbury</subfield><subfield code="g">trad. Maria Fernanda César</subfield></datafield><datafield tag="205" ind1=" " ind2=" "><subfield code="a">2ª ed</subfield></datafield><datafield tag="210" ind1=" " ind2=" "><subfield code="a">Mem Martins</subfield><subfield code="c">Europa-América</subfield><subfield code="d">D.L. 1989</subfield></datafield><datafield tag="215" ind1=" " ind2=" "><subfield code="a">179 p.</subfield><subfield code="d">22 cm</subfield></datafield><datafield tag="225" ind1="2" ind2=" "><subfield code="a">Obras de Richard Bach</subfield><subfield code="v">3</subfield></datafield><datafield tag="304" ind1=" " ind2=" "><subfield code="a">Tít. orig. : Biplane</subfield></datafield><datafield tag="675" ind1=" " ind2=" "><subfield code="a">821</subfield><subfield code="v">BN</subfield><subfield code="z">por</subfield></datafield><datafield tag="700" ind1=" " ind2="1"><subfield code="a">Bach</subfield><subfield code="b">Richard</subfield></datafield><datafield tag="702" ind1=" " ind2="1"><subfield code="a">Bradbury</subfield><subfield code="b">Ray</subfield><subfield code="f">1920</subfield><subfield code="4">080</subfield></datafield><datafield tag="702" ind1=" " ind2="1"><subfield code="a">César</subfield><subfield code="b">Maria Fernanda</subfield><subfield code="4">730</subfield></datafield><datafield tag="801" ind1=" " ind2="0"><subfield code="a">PT</subfield><subfield code="b">Biblioteca Municipal de Montalegre</subfield><subfield code="g">RPC</subfield></datafield><datafield tag="856" ind1=" " ind2=" "><subfield code="u">locateMedia.asp?cod=20060504161516&amp;ext=jpg</subfield><subfield code="z">CAPA</subfield></datafield><datafield tag="909" ind1="&#9;" ind2=" "><subfield code="a">1</subfield></datafield><datafield tag="966" ind1=" " ind2=" "><subfield code="a">0005113</subfield><subfield code="l">BMM</subfield><subfield code="s">SCG 821 BAC bip</subfield></datafield></record></collection>